<?xml version="1.0" encoding="UTF-8"?><record xmlns="http://www.loc.gov/MARC21/slim" xmlns:cinclude="http://apache.org/cocoon/include/1.0" xmlns:zs="http://www.loc.gov/zing/srw/">
  <leader>00321cz  a2200121n  4500</leader>
  <controlfield tag="001">n 2006015660</controlfield>
  <controlfield tag="003">DLC</controlfield>
  <controlfield tag="005">20060302153458.0</controlfield>
  <controlfield tag="008">060302n| acannaabn          |n aaa      </controlfield>
  <datafield tag="010" ind1=" " ind2=" ">
    <subfield code="a">n 2006015660</subfield>
  </datafield>
  <datafield tag="040" ind1=" " ind2=" ">
    <subfield code="a">DLC</subfield>
    <subfield code="b">eng</subfield>
    <subfield code="c">DLC</subfield>
    <subfield code="d">DLC</subfield>
  </datafield>
  <datafield tag="100" ind1="1" ind2=" ">
    <subfield code="a">Pastuszko, RadosĹaw</subfield>
  </datafield>
  <datafield tag="670" ind1=" " ind2=" ">
    <subfield code="a">Prawo weterynaryjne, 2005:</subfield>
    <subfield code="b">t.p. (RadosĹaw Pastuszko)</subfield>
  </datafield>
</record>